<record><leader>00000cas a22000007a 4500</leader><controlfield tag="001">16118354</controlfield><controlfield tag="008">870701d18551856inudn ne      0    0eng d</controlfield><datafield ind1=" " ind2=" " tag="010"><subfield code="a">sn 87056580 </subfield></datafield><datafield ind1=" " ind2=" " tag="040"><subfield code="a">NPI</subfield><subfield code="b">eng</subfield><subfield code="c">NPI</subfield><subfield code="d">OCLCQ</subfield></datafield><datafield ind1=" " ind2=" " tag="042"><subfield code="a">msc</subfield></datafield><datafield ind1="0" ind2=" " tag="130"><subfield code="a">Daily evening Republican (Indianapolis, Ind.)</subfield></datafield><datafield ind1="1" ind2="0" tag="245"><subfield code="a">Daily evening Republican.</subfield></datafield><datafield ind1=" " ind2=" " tag="260"><subfield code="a">Indianapolis [Ind.] :</subfield><subfield code="b">Chapman &amp; Barney,</subfield><subfield code="c">1855-</subfield></datafield><datafield ind1=" " ind2=" " tag="310"><subfield code="a">Daily (except Sun.)</subfield></datafield><datafield ind1="0" ind2=" " tag="362"><subfield code="a">Vol. 1, no. 3 (Jan. 18, 1855)-</subfield></datafield><datafield ind1="1" ind2=" " tag="362"><subfield code="a">Ceased in Jan. 1856?</subfield></datafield><datafield ind1=" " ind2=" " tag="580"><subfield code="a">Also published in weekly eds. called: The Indiana Republican, and The Weekly Indiana Republican.</subfield></datafield><datafield ind1=" " ind2=" " tag="752"><subfield code="a">United States</subfield><subfield code="b">Indiana</subfield><subfield code="c">Marion</subfield><subfield code="d">Indianapolis.</subfield></datafield><datafield ind1="1" ind2=" " tag="775"><subfield code="t">Indiana Republican (Indianapolis, Ind.)</subfield><subfield code="w">(DLC)sn 84027413</subfield></datafield><datafield ind1="1" ind2=" " tag="775"><subfield code="t">Weekly Indiana Republican</subfield><subfield code="w">(DLC)sn 82014738</subfield></datafield><datafield ind1="0" ind2="0" tag="780"><subfield code="t">Evening Republican (Indianapolis, Ind.)</subfield><subfield code="w">(DLC)sn 87056579</subfield></datafield></record>